@book{chapra_surface_1997,
	address = {New York},
	series = {{McGraw}-{Hill} series in water resources and environmental engineering},
	title = {Surface water-quality modeling},
	isbn = {978-0-07-011364-0},
	publisher = {McGraw-Hill},
	author = {Chapra, Steven C.},
	year = {1997},
	keywords = {Mathematical models, Water quality}
}